@misc{2019ABeginners,
    title = {{A Docker Tutorial for Beginners}},
    year = {2019},
    url = {https://docker-curriculum.com/}
}

@inproceedings{Karmani2009ActorPlatform,
    title = {{Actor frameworks for the JVM platform}},
    year = {2009},
    author = {Karmani, Rajesh K. and Shali, Amin and Agha, Gul},
    doi = {10.1145/1596655.1596658}
}

@misc{2019BasicElixir,
    title = {{Basic types, Atoms - Elixir}},
    year = {2019},
    url = {https://elixir-lang.org/getting-started/basic-types.html#atoms}
}

@misc{Cara2019Bomb.codes,
    title = {{bomb.codes}},
    year = {2019},
    author = {Cara, Marie},
    url = {https://bomb.codes/}
}

@misc{2019Canvas,
    title = {{Canvas}},
    year = {2019},
    url = {https://www.canvaslms.com/}
}

@misc{2019Clickjacking,
    title = {{Clickjacking}},
    year = {2019},
    url = {https://www.owasp.org/index.php/Clickjacking}
}

@misc{CloudHeroku,
    title = {{Cloud Application Platform | Heroku}},
    url = {https://www.heroku.com/}
}

@misc{DenialExchange,
    title = {{denial of service - Are there valid reasons for compressed files (zip, gzip, etc.) to spoof file size? - Information Security Stack Exchange}},
    url = {https://security.stackexchange.com/questions/150323/are-there-valid-reasons-for-compressed-files-zip-gzip-etc-to-spoof-file-siz}
}

@misc{DokkuSeen,
    title = {{Dokku - The smallest PaaS implementation you've ever seen}},
    url = {http://dokku.viewdocs.io/dokku/}
}

@misc{2019ErlangAtoms,
    title = {{Erlang -- System Limit, Atoms}},
    year = {2019},
    url = {http://erlang.org/doc/efficiency_guide/advanced.html#atoms}
}

@misc{2019Fire:System,
    title = {{Fire: The department of Computer Science and Engineering at Chalmers lab submission system}},
    year = {2019},
    url = {https://bitbucket.org/cse-fire/fire}
}

@misc{HomeDocumentation,
    title = {{Home - Distillery Documentation}},
    url = {https://hexdocs.pm/distillery/home.html}
}

@misc{JohnsonInYAML,
    title = {{In Defense of YAML}},
    author = {Johnson, Rod},
    url = {https://blog.atomist.com/in-defense-of-yaml/}
}

@inproceedings{Pozenel2015IntroductionCourse,
    title = {{Introduction of the automated assessment of homework assignments in a university-level programming course}},
    year = {2015},
    booktitle = {2015 38th International Convention on Information and Communication Technology, Electronics and Microelectronics, MIPRO 2015 - Proceedings},
    author = {Po{\v{z}}enel, Marko and F{\"{u}}rst, Luka and Mahni{\v{c}}, Viljan},
    isbn = {9789532330854},
    doi = {10.1109/MIPRO.2015.7160373},
    keywords = {automated grading, dynamic testing, programming education}
}

@misc{2019IsRequest,
    title = {{Is this a valid LTI launch request?}},
    year = {2019},
    url = {https://www.imsglobal.org/wiki/step-2-valid-lti-launch-request}
}

@techreport{OleksandrA.2015LearningPlatforms,
    title = {{Learning Tools Interoperability – A new standard for integration of distance learning platforms}},
    year = {2015},
    author = {Oleksandr A., Shcherbyna},
    url = {https://journal.iitta.gov.ua/index.php/itlt/article/view/1246},
    doi = {http://dx.doi.org/10.33407/itlt.v47i3.1246},
    keywords = {()}
}

@misc{2019LetsEncrypt,
    title = {{Let's Encrypt}},
    year = {2019},
    url = {https://letsencrypt.org/}
}

@book{MarzMSystems,
    title = {{M A N N I N G Principles and best practices of scalable real-time data systems}},
    author = {Marz, Nathan and Warren, James},
    url = {www.manning.com.},
    isbn = {9781617290343}
}

@misc{Cara2019Mitigations,
    title = {{Mitigations}},
    year = {2019},
    author = {Cara, Marie},
    url = {https://bomb.codes/mitigations}
}

@misc{2010OAuth1,
    title = {{OAuth 1}},
    year = {2010},
    url = {https://oauth.net/1/}
}

@misc{2018Phoenix,
    title = {{Phoenix}},
    year = {2018},
    url = {https://phoenixframework.org/}
}

@inproceedings{Tambe2015ReactivePublish/subscribe,
    title = {{Reactive stream processing for data-centric publish/subscribe}},
    year = {2015},
    author = {Tambe, Sumant and Meena, Ashish and Khare, Shweta and Gokhale, Aniruddha and An, Kyoungho},
    doi = {10.1145/2675743.2771880}
}

@article{Grocevs2016TheAssignments,
    title = {{The Capabilities of Automated Functional Testing of Programming Assignments}},
    year = {2016},
    journal = {Procedia - Social and Behavioral Sciences},
    author = {Grocevs, Aleksejs and Prokofjeva, Natālija},
    doi = {10.1016/j.sbspro.2016.07.070},
    issn = {18770428}
}

@article{Eugster2003ThePublish/subscribe,
    title = {{The many faces of publish/subscribe}},
    year = {2003},
    journal = {ACM Computing Surveys},
    author = {Eugster, Patrick Th. and Felber, Pascal A. and Guerraoui, Rachid and Kermarrec, Anne-Marie},
    doi = {10.1145/857076.857078},
    issn = {03600300}
}